@article{burch2011turnout,
  title={Turnout \& party registration among criminal offenders in the 2008 general election},
  author={Burch, Traci},
  journal={Law \& Society Review},
  volume={45},
  number={3},
  pages={699--730},
  year={2011},
  publisher={Wiley Online Library}
}

@book{burch2013trading,
  title={Trading democracy for justice: Criminal convictions \& the decline of neighborhood political participation},
  author={Burch, Traci},
  year={2013},
  publisher={University of Chicago Press}
}

@book{lerman2014arresting,
  title={Arresting citizenship: The democratic consequences of American crime control},
  author={Lerman, Amy E and Weaver, Vesla M},
  year={2014},
  publisher={University of Chicago Press}
}

@article{nuamah2021close,
  title={Close to Home: Place-Based Mobilization in Racialized Contexts},
  author={Nuamah, Sally A. and Ogorzalek, Thomas},
  journal={American Political Science Review},
  pages={1--18},
  year={2021},
  publisher={Cambridge University Press}
}

@article{walker2014extending,
  title={Extending the effects of the carceral state: Proximal contact, political participation, and race},
  author={Walker, Hannah L},
  journal={Political Research Quarterly},
  volume={67},
  number={4},
  pages={809--822},
  year={2014},
  publisher={SAGE Publications Sage CA: Los Angeles, CA}
}

@article{walker2019targeted,
  title={Targeted: The Mobilizing Effect of Perceptions of Unfair Policing Practices},
  author={Walker, Hannah L},
  journal={The Journal of Politics},
  volume={82},
  number={1},
  pages={119--134},
  year={2019},
  publisher={The University of Chicago Press Chicago, IL}
}

@book{walker2020mobilized,
  title={Mobilized by Injustice: Criminal Justice Contact, Political Participation, and Race},
  author={Walker, Hannah L},
  year={2020},
  publisher={Oxford University Press}
}

@article{weaver2010political,
  title={Political consequences of the carceral state},
  author={Weaver, Vesla M and Lerman, Amy E},
  journal={American Political Science Review},
  volume={104},
  number={4},
  pages={817--833},
  year={2010},
  publisher={Cambridge University Press}
}

@article{white2019family,
  title={Family Matters? Voting Behavior in Households with Criminal Justice Contact},
  author={White, Ariel},
  journal={American Political Science Review},
  volume={113},
  number={2},
  pages={607--613},
  year={2019},
  publisher={Cambridge University Press}
}

@article{sullivan2019four,
  title={Four years in a row, police nationwide fatally shoot nearly 1,000 people},
  author={Sullivan, J and Weber, L and Tate, J and Jenkins, J},
  journal={Washington Post},
  year={2019}
}

@article{olzak2021does,
  title={Does Protest Against Police Violence Matter? Evidence from US Cities, 1990 through 2019},
  author={Olzak, Susan},
  journal={American Sociological Review},
  pages={00031224211056966},
  year={2021},
  publisher={SAGE Publications Sage CA: Los Angeles, CA}
}

@article{stone1989,
  title={Causal Stories and the Formation of Policy Agendas},
  author={Stone, Deborah A},
  journal={Political Science Quarterly},
  volume={104},
  number={2},
  pages={281–300},
  year={1989},
}

@article{white2019misdemeanor,
  title={Misdemeanor disenfranchisement? The demobilizing effects of brief jail spells on potential voters},
  author={White, Ariel},
  journal={American Political Science Review},
  volume={113},
  number={2},
  pages={311--324},
  year={2019},
  publisher={Cambridge University Press}
}

@article{ang2021effects,
  title={The effects of police violence on inner-city students},
  author={Ang, Desmond},
  journal={The Quarterly Journal of Economics},
  volume={136},
  number={1},
  pages={115--168},
  year={2021},
  publisher={Oxford University Press}
}

@article{barreto2009mobilization,
  title={Mobilization, participation, and solidaridad: Latino participation in the 2006 immigration protest rallies},
  author={Barreto, Matt A and Manzano, Sylvia and Ramirez, Ricardo and Rim, Kathy},
  journal={Urban Affairs Review},
  volume={44},
  number={5},
  pages={736--764},
  year={2009},
  publisher={SAGE Publications Sage CA: Los Angeles, CA}
}

@article{pantoja2003fear,
  title={Fear and loathing in California: Contextual threat and political sophistication among Latino voters},
  author={Pantoja, Adrian D and Segura, Gary M},
  journal={Political Behavior},
  volume={25},
  number={3},
  pages={265--286},
  year={2003},
  publisher={Springer}
}

@article{walker2017love,
  title={For love and justice: the mobilizing of race, gender, and criminal justice contact},
  author={Walker, Hannah L and Garc{\'\i}a-Casta{\~n}on, Marcela},
  journal={Politics \& Gender},
  volume={13},
  number={4},
  pages={541--568},
  year={2017},
  publisher={Cambridge University Press}
}

@article{cohen2019officer,
  title={Do officer-involved shootings reduce citizen contact with government?},
  author={Cohen, Elisha and Gunderson, Anna and Jackson, Kaylyn and Zachary, Paul and Clark, Tom S and Glynn, Adam N and Owens, Michael Leo},
  journal={The Journal of Politics},
  volume={81},
  number={3},
  pages={1111--1123},
  year={2019},
  publisher={The University of Chicago Press Chicago, IL}
}

@article{williamson2018black,
  title={Black lives matter: Evidence that police-caused deaths predict protest activity},
  author={Williamson, Vanessa and Trump, Kris-Stella and Einstein, Katherine Levine},
  journal={Perspectives on Politics},
  volume={16},
  number={2},
  pages={400--415},
  year={2018},
  publisher={Cambridge University Press}
}

@article{lee2014consequences,
  title={Consequences of family member incarceration: Impacts on civic participation and perceptions of the legitimacy and fairness of government},
  author={Lee, Hedwig and Porter, Lauren C and Comfort, Megan},
  journal={The ANNALS of the American Academy of Political and Social Science},
  volume={651},
  number={1},
  pages={44--73},
  year={2014},
  publisher={Sage Publications Sage CA: Los Angeles, CA}
}

@article{wasow2020agenda,
  title={Agenda seeding: How 1960s black protests moved elites, public opinion and voting},
  author={Wasow, Omar},
  journal={American Political Science Review},
  volume={114},
  number={3},
  pages={638--659},
  year={2020},
  publisher={Cambridge University Press}
}

@article{georgefloyd,
  title={George Floyd Protests: A Timeline},
  author={Taylor, Derrick Bryson},
  journal={New York Times},
  year={2021}
}

@article{davidjones,
  title={Activists Protest at Home of Cop Who Shot David Jones: The small demonstration drew about three dozen officers, a SWAT team, a police helicopter and some angry neighbors.},
  author={Sasko, Claire},
  journal={Philadelphia},
  volume={August 25, 2017},
  year={2017}
}

@article{shoubfines,
  title={Fines, Fees, Forfeitures, and Disparities: A Link Between Municipal Reliance on Fines and Racial Disparities in Policing},
  author={Shoub, Kelsey and Christiani, Leah and Baumgartner, Frank R and Epp, Derek A and Roach, Kevin},
  journal={Policy Studies Journal},
  publisher={Wiley Online Library},
  year={2020}
}

@article{roach2020intersection,
  title={At the intersection: Race, gender, and discretion in police traffic stop outcomes},
  author={Roach, Kevin and Baumgartner, Frank R and Christiani, Leah and Epp, Derek A and Shoub, Kelsey},
  journal={Journal of Race, Ethnicity, and Politics},
  pages={1--23},
  year={2020},
  publisher={Cambridge University Press}
}

@article{ash2018local,
  title={Local Public Finance and Discriminatory Policing: Evidence from Traffic Stops in Missouri},
  author={Ash, Elliot and Fagan, Jeffrey and Harris, Allison},
  journal={Journal of Race, Ethnicity, and Politics},
  year={2020}
}

@article{hassell2020mobilize,
  title={Mobilize for our lives? School shootings and democratic accountability in US elections},
  author={Hassell, Hans JG and Holbein, John B and Baldwin, Matthew},
  journal={American Political Science Review},
  volume={114},
  number={4},
  pages={1375--1385},
  year={2020},
  publisher={Cambridge University Press}
}

@article{garcia2021violence,
  title={Violence and Voting in the United States: How School Shootings Affect Elections},
  author={Garc{\'i}a-Montoya, Laura and Arjona, Ana and Lacombe, Matthew},
  journal={American Political Science Review},
  pages={1--20},
  year={2021},
  publisher={Cambridge University Press}
}

@article{mullinix2020feedback,
  title={The Feedback Effects of Controversial Police Use of Force},
  author={Mullinix, Kevin J and Bolsen, Toby and Norris, Robert J},
  journal={Political Behavior},
  pages={1--18},
  year={2020},
  publisher={Springer}
}

@article{boudreau2019police,
  title={Police violence and public perceptions: an experimental study of how information and endorsements affect support for law enforcement},
  author={Boudreau, Cheryl and MacKenzie, Scott A and Simmons, Daniel J},
  journal={The Journal of Politics},
  volume={81},
  number={3},
  pages={1101--1110},
  year={2019},
  publisher={The University of Chicago Press Chicago, IL}
}

@article{myhill2012can,
  title={Can police enhance public confidence by improving quality of service? Results from two surveys in England and Wales},
  author={Myhill, Andy and Bradford, Ben},
  journal={Policing and society},
  volume={22},
  number={4},
  pages={397--425},
  year={2012},
  publisher={Taylor \& Francis}
}

@article{weitzer2002incidents,
  title={Incidents of police misconduct and public opinion},
  author={Weitzer, Ronald},
  journal={Journal of criminal justice},
  volume={30},
  number={5},
  pages={397--408},
  year={2002},
  publisher={Elsevier}
}

@article{weitzer2005determinants,
  title={Determinants of public satisfaction with the police},
  author={Weitzer, Ronald and Tuch, Steven A},
  journal={Police quarterly},
  volume={8},
  number={3},
  pages={279--297},
  year={2005},
  publisher={Sage Publications Sage CA: Thousand Oaks, CA}
}

@article{weitzer2015american,
  title={American policing under fire: Misconduct and reform},
  author={Weitzer, Ronald},
  journal={Society},
  volume={52},
  number={5},
  pages={475--480},
  year={2015},
  publisher={Springer}
}

@book{gibson2018blacks,
  title={Blacks and Blue: How and why African Americans judge the American legal system},
  author={Gibson, James L and Nelson, Michael J},
  year={2018},
  publisher={Oxford University Press, USA}
}

@article{schafer2003citizen,
  title={Citizen perceptions of police services: Race, neighborhood context, and community policing},
  author={Schafer, Joseph A and Huebner, Beth M and Bynum, Timothy S},
  journal={Police quarterly},
  volume={6},
  number={4},
  pages={440--468},
  year={2003},
  publisher={Sage Publications}
}


@article{andersen2017passive,
  title={From passive to active representation—Experimental evidence on the role of normative values in shaping white and minority bureaucrats’ policy attitudes},
  author={Andersen, Simon Calmar},
  journal={Journal of Public Administration Research and Theory},
  volume={27},
  number={3},
  pages={400--414},
  year={2017},
  publisher={Oxford University Press}
}

@article{andrews2013representative,
  title={Representative bureaucracy, gender, and policing: The case of domestic violence arrests in England},
  author={Andrews, Rhys and Miller, Karen Johnston},
  journal={Public Administration},
  volume={91},
  number={4},
  pages={998--1014},
  year={2013},
  publisher={Wiley Online Library}
}

@article{andrews2014representative,
  title={Representative bureaucracy and fire service performance},
  author={Andrews, Rhys and Ashworth, Rachel and Meier, Kenneth J},
  journal={International Public Management Journal},
  volume={17},
  number={1},
  pages={1--24},
  year={2014},
  publisher={Taylor \& Francis}
}

@article{atkins2013going,
  title={Going beyond reading, writing, and arithmetic: The effects of teacher representation on teen pregnancy rates},
  author={Atkins, Danielle N and Wilkins, Vicky M},
  journal={Journal of Public Administration Research and Theory},
  volume={23},
  number={4},
  pages={771--790},
  year={2013},
  publisher={Oxford University Press US}
}

@article{gade2012did,
  title={Where did you serve? Veteran identity, representative bureaucracy, and vocational rehabilitation},
  author={Gade, Daniel M and Wilkins, Vicky M},
  journal={Journal of Public Administration Research and Theory},
  volume={23},
  number={2},
  pages={267--288},
  year={2012},
  publisher={Public Management Research Association}
}

@article{hong2016representative,
  title={Representative bureaucracy, organizational integrity, and citizen coproduction: Does an increase in police ethnic representativeness reduce crime?},
  author={Hong, Sounman},
  journal={Journal of Policy Analysis and Management},
  volume={35},
  number={1},
  pages={11--33},
  year={2016},
  publisher={Wiley Online Library}
}

@article{hong2017does,
  title={Does increasing ethnic representativeness reduce police misconduct?},
  author={Hong, Sounman},
  journal={Public Administration Review},
  volume={77},
  number={2},
  pages={195--205},
  year={2017},
  publisher={Wiley Online Library}
}

@article{hong2017black,
  title={Black in blue: Racial profiling and representative bureaucracy in policing revisited},
  author={Hong, Sounman},
  journal={Journal of Public Administration Research and Theory},
  volume={27},
  number={4},
  pages={547--561},
  year={2017},
  publisher={Oxford University Press US}
}

@article{jankowski2020representative,
  title={Representative bureaucracy and public hiring preferences: Evidence from a conjoint experiment among German municipal civil servants and private sector employees},
  author={Jankowski, Michael and Prokop, Christine and Tepe, Markus},
  journal={Journal of Public Administration Research and Theory},
  year={2020}
}

@article{keiser2002lipstick,
  title={Lipstick and logarithms: Gender, institutional context, and representative bureaucracy},
  author={Keiser, Lael R and Wilkins, Vicky M and Meier, Kenneth J and Holland, Catherine A},
  journal={American Political Science Review},
  pages={553--564},
  year={2002},
  publisher={JSTOR}
}

@article{wilkins2006linking,
  title={Linking passive and active representation by gender: The case of child support agencies},
  author={Wilkins, Vicky M and Keiser, Lael R},
  journal={Journal of Public Administration Research and Theory},
  volume={16},
  number={1},
  pages={87--102},
  year={2006},
  publisher={Oxford University Press}
}

@article{dolan2000senior,
  title={The senior executive service: Gender, attitudes, and representative bureaucracy},
  author={Dolan, Julie},
  journal={Journal of Public Administration Research and Theory},
  volume={10},
  number={3},
  pages={513--530},
  year={2000},
  publisher={Oxford University Press}
}

@article{dolan2002representative,
  title={Representative bureaucracy in the federal executive: Gender and spending priorities},
  author={Dolan, Julie},
  journal={Journal of Public Administration Research and Theory},
  volume={12},
  number={3},
  pages={353--375},
  year={2002},
  publisher={Oxford University Press}
}

@book{riley1988name,
  title={‘Am I that name?’: Feminism and the category of ‘women’in history},
  author={Riley, Denise},
  year={1988},
  publisher={Springer}
}
@article{meier1993latinos,
  title={Latinos and representative bureaucracy testing the Thompson and Henderson hypotheses},
  author={Meier, Kenneth J},
  journal={Journal of Public Administration Research and Theory},
  volume={3},
  number={4},
  pages={393--414},
  year={1993},
  publisher={Oxford University Press}
}

@article{meier1992impact,
  title={The impact of representative bureaucracies: Educational systems and public policies},
  author={Meier, Kenneth J and Stewart Jr, Joseph},
  journal={The American Review of Public Administration},
  volume={22},
  number={3},
  pages={157--171},
  year={1992},
  publisher={Sage Publications Sage CA: Thousand Oaks, CA}
}

@article{wilkins2008black,
  title={Black or blue: Racial profiling and representative bureaucracy},
  author={Wilkins, Vicky M and Williams, Brian N},
  journal={Public Administration Review},
  volume={68},
  number={4},
  pages={654--664},
  year={2008},
  publisher={Wiley Online Library}
}

@article{fernandez2013race,
  title={Race, gender, and government contracting: different explanations or new prospects for theory?},
  author={Fernandez, Sergio and Malatesta, Deanna and Smith, Craig R},
  journal={Public Administration Review},
  volume={73},
  number={1},
  pages={109--120},
  year={2013},
  publisher={Wiley Online Library}
}

@article{shoub2021comparing,
  title={Comparing Systemic and Individual Sources of Racially Disparate Traffic Stop Outcomes},
  author={Shoub, Kelsey},
  journal={Journal of Public Administration Research and Theory},
  year={2021}
}

@article{hoffman2005use,
  title={Use of force by female police officers},
  author={Hoffman, Peter B and Hickey, Edward R},
  journal={Journal of Criminal Justice},
  volume={33},
  number={2},
  pages={145--151},
  year={2005},
  publisher={Elsevier}
}

@article{poteyeva2009gender,
  title={Gender differences in police officers' attitudes: Assessing current empirical evidence},
  author={Poteyeva, Margarita and Sun, Ivan Y},
  journal={Journal of Criminal Justice},
  volume={37},
  number={5},
  pages={512--522},
  year={2009},
  publisher={Elsevier}
}

@article{dejong2004gender,
  title={Gender differences in officer attitude and behavior},
  author={DeJong, Christina},
  journal={Women \& Criminal Justice},
  volume={15},
  number={3-4},
  pages={1--32},
  year={2004},
  publisher={Taylor \& Francis}
}

@article{bradford2014policing,
  title={Policing and social identity: Procedural justice, inclusion and cooperation between police and public},
  author={Bradford, Ben},
  journal={Policing and society},
  volume={24},
  number={1},
  pages={22--43},
  year={2014},
  publisher={Taylor \& Francis}
}

@article{lundman2009officer,
  title={Officer gender and traffic ticket decisions: Police blue or women too?},
  author={Lundman, Richard J},
  journal={Journal of Criminal Justice},
  volume={37},
  number={4},
  pages={342--352},
  year={2009},
  publisher={Elsevier}
}

@article{glaser2014racial,
  title={Racial bias and public policy},
  author={Glaser, Jack and Spencer, Katherine and Charbonneau, Amanda},
  journal={Policy Insights from the Behavioral and Brain Sciences},
  volume={1},
  number={1},
  pages={88--94},
  year={2014},
  publisher={SAGE Publications Sage CA: Los Angeles, CA}
}

@article{pryor2020risky,
  title={Risky Situations: Sources of Racial Disparity in Police Behavior},
  author={Pryor, Marie and Buchanan, Kim Shayo and Goff, Phillip Atiba},
  journal={Annual Review of Law and Social Science},
  volume={16},
  pages={343--360},
  year={2020},
  publisher={Annual Reviews}
}

@article{ba2021role,
  title={The role of officer race and gender in police-civilian interactions in Chicago},
  author={Ba, Bocar A and Knox, Dean and Mummolo, Jonathan and Rivera, Roman},
  journal={Science},
  volume={371},
  number={6530},
  pages={696--702},
  year={2021},
  publisher={American Association for the Advancement of Science}
}

@article{davis2011extended,
  title={The extended reach of minority political power: The interaction of descriptive representation, managerial networking, and race},
  author={Davis, Belinda Creel and Livermore, Michelle and Lim, Younghee},
  journal={The Journal of Politics},
  volume={73},
  number={2},
  pages={494--507},
  year={2011},
  publisher={Cambridge University Press New York, USA}
}

@article{guul2018individual,
  title={The individual-level effect of gender matching in representative bureaucracy},
  author={Guul, Thorbj{\o}rn Sejr},
  journal={Public Administration Review},
  volume={78},
  number={3},
  pages={398--408},
  year={2018},
  publisher={Wiley Online Library}
}

@article{nicholson2016disentangling,
  title={Disentangling the causal mechanisms of representative bureaucracy: Evidence from assignment of students to gifted programs},
  author={Nicholson-Crotty, Sean and Grissom, Jason A and Nicholson-Crotty, Jill and Redding, Christopher},
  journal={Journal of Public Administration Research and Theory},
  volume={26},
  number={4},
  pages={745--757},
  year={2016},
  publisher={Oxford University Press US}
}

@misc{krislov1974representative,
  title={Representative Bureaucracy Englewood Cliffs},
  author={Krislov, Samuel},
  year={1974},
  publisher={NJ: Prentice-Hall}
}

@book{mosher1968democracy,
  title={Democracy and the public service},
  author={Mosher, Frederick Camp},
  volume={53},
  year={1968},
  publisher={New York Oxford University Press}
}

@book{lipsky2010street,
  title={Street-level bureaucracy: Dilemmas of the individual in public service},
  author={Lipsky, Michael},
  year={2010},
  publisher={Russell Sage Foundation}
}

@incollection{meier2015representative,
  title={Representative bureaucracy in a cross-national context: Politics, identity, structure and discretion},
  author={Meier, Kenneth J and Morton, Tabitha SM},
  booktitle={Politics of representative bureaucracy},
  year={2015},
  publisher={Edward Elgar Publishing}
}

@article{meier2006gender,
  title={Gender, representative bureaucracy, and law enforcement: The case of sexual assault},
  author={Meier, Kenneth J and Nicholson-Crotty, Jill},
  journal={Public Administration Review},
  volume={66},
  number={6},
  pages={850--860},
  year={2006},
  publisher={Wiley Online Library}
}

@article{nicholson2011bureaucratic,
  title={Bureaucratic representation, distributional equity, and democratic values in the administration of public programs},
  author={Nicholson-Crotty, Jill and Grissom, Jason A and Nicholson-Crotty, Sean},
  journal={The Journal of Politics},
  volume={73},
  number={2},
  pages={582--596},
  year={2011},
  publisher={Cambridge University Press New York, USA}
}


@article{nicholson2017will,
  title={Will more black cops matter? Officer race and police-involved homicides of black citizens},
  author={Nicholson-Crotty, Sean and Nicholson-Crotty, Jill and Fernandez, Sergio},
  journal={Public Administration Review},
  volume={77},
  number={2},
  pages={206--216},
  year={2017},
  publisher={Wiley Online Library}
}

@article{riccucci2017representative,
  title={Representative bureaucracy: A lever to enhance social equity, coproduction, and democracy},
  author={Riccucci, Norma M and Van Ryzin, Gregg G},
  journal={Public Administration Review},
  volume={77},
  number={1},
  pages={21--30},
  year={2017},
  publisher={Wiley Online Library}
}

@article{riccucci2018representative,
  title={Representative bureaucracy, race, and policing: A survey experiment},
  author={Riccucci, Norma M and Van Ryzin, Gregg G and Jackson, Karima},
  journal={Journal of Public Administration Research and Theory},
  volume={28},
  number={4},
  pages={506--518},
  year={2018},
  publisher={Oxford University Press US}
}

@article{riccucci2014representative,
  title={Representative bureaucracy in policing: Does it increase perceived legitimacy?},
  author={Riccucci, Norma M and Van Ryzin, Gregg G and Lavena, Cecilia F},
  journal={Journal of public administration research and theory},
  volume={24},
  number={3},
  pages={537--551},
  year={2014},
  publisher={Oxford University Press US}
}

@article{riccucci2016representative,
  title={Representative bureaucracy and the willingness to coproduce: An experimental study},
  author={Riccucci, Norma M and Van Ryzin, Gregg G and Li, Huafang},
  journal={Public Administration Review},
  volume={76},
  number={1},
  pages={121--130},
  year={2016},
  publisher={Wiley Online Library}
}

@article{van2017representative,
  title={Representative bureaucracy and its symbolic effect on citizens: a conceptual replication},
  author={Van Ryzin, Gregg G and Riccucci, Norma M and Li, Huafang},
  journal={Public Management Review},
  volume={19},
  number={9},
  pages={1365--1379},
  year={2017},
  publisher={Taylor \& Francis}
}

@article{sievert2021replication,
  title={A replication of “representative bureaucracy and the willingness to coproduce”},
  author={Sievert, Martin},
  journal={Public Administration},
  year={2021},
  publisher={Wiley Online Library}
}

@article{horowitz2019race,
  title={Race in America 2019},
  author={Horowitz, J and Brown, Anna and Cox, Kiana},
  journal={Pew Research Center},
  volume={9},
  year={2019}
}

@article{morabito2017active,
  title={Active representation and police response to sexual assault complaints},
  author={Morabito, Melissa Schaefer and Pattavina, April and Williams, Linda M},
  journal={Journal of crime and justice},
  volume={40},
  number={1},
  pages={20--33},
  year={2017},
  publisher={Taylor \& Francis}
}

@book{hale1989gender,
  title={Gender, bureaucracy, and democracy: Careers and equal opportunity in the public sector},
  author={Hale, Mary M and Kelly, Rita Mae},
  number={103},
  year={1989},
  publisher={Praeger}
}

@article{gill2020black,
  title={Black and Blue: How African Americans Judge the US Legal System. By James L. Gibson and Michael J. Nelson. New York: Oxford University Press, 2018. 220p. $99.95 cloth, $29.95 paper.},
  author={Gill, Rebecca D},
  journal={Perspectives on Politics},
  volume={18},
  number={1},
  pages={260--262},
  year={2020},
  publisher={Cambridge University Press}
}

@article{oritz_2020, 
title={Confidence in Police Is at Record Low, Gallup Survey Finds}, url={https://www.nytimes.com/2020/08/12/us/gallup-poll-police.html}, journal={New York Times}, 
author={Oritz, Aimee}, 
year={2020}, 
month={Aug}}

@book{epp2014pulled,
  title={Pulled over: How police stops define race and citizenship},
  author={Epp, Charles R and Maynard-Moody, Steven and Haider-Markel, Donald P},
  year={2014},
  publisher={University of Chicago Press}
}

@book{baumgartner2018suspect,
  title={Suspect citizens: What 20 million traffic stops tell us about policing and race},
  author={Baumgartner, Frank R and Epp, Derek A and Shoub, Kelsey},
  year={2018},
  publisher={Cambridge University Press}
}

@article{lim2006representative,
  title={Representative bureaucracy: Rethinking substantive effects and active representation},
  author={Lim, Hong-Hai},
  journal={Public administration review},
  volume={66},
  number={2},
  pages={193--204},
  year={2006},
  publisher={Wiley Online Library}
}

@misc{krislov1974representative,
  title={Representative Bureaucracy Englewood Cliffs},
  author={Krislov, Samuel},
  year={1974},
  publisher={NJ: Prentice-Hall}
}

@article{theobald2009race,
  title={Race, bureaucracy, and symbolic representation: Interactions between citizens and police},
  author={Theobald, Nick A and Haider-Markel, Donald P},
  journal={Journal of Public Administration Research and Theory},
  volume={19},
  number={2},
  pages={409--426},
  year={2009},
  publisher={Oxford University Press}
}

@article{kingsley1944representative,
  title={Representative bureaucracy},
  author={Kingsley, J Donald},
  journal={Representative Bureaucracy},
  pages={12},
  year={1944}
}

@article{baumgartner2017racial,
  title={Racial disparities in traffic stop outcomes},
  author={Baumgartner, Frank R and Christiani, Leah and Epp, Derek A and Roach, Kevin and Shoub, Kelsey},
  journal={Duke FL \& Soc. Change},
  volume={9},
  pages={21},
  year={2017},
  publisher={HeinOnline}
}

@article{pierson2020large,
  title={A large-scale analysis of racial disparities in police stops across the United States},
  author={Pierson, Emma and Simoiu, Camelia and Overgoor, Jan and Corbett-Davies, Sam and Jenson, Daniel and Shoemaker, Amy and Ramachandran, Vignesh and Barghouty, Phoebe and Phillips, Cheryl and Shroff, Ravi and others},
  journal={Nature human behaviour},
  volume={4},
  number={7},
  pages={736--745},
  year={2020},
  publisher={Nature Publishing Group}
}

@article{schwindt2005integrated,
  title={An integrated model of women's representation},
  author={Schwindt-Bayer, Leslie A and Mishler, William},
  journal={The Journal of politics},
  volume={67},
  number={2},
  pages={407--428},
  year={2005},
  publisher={Cambridge University Press New York, USA}
}

@article{lowande2019descriptive,
  title={Descriptive and substantive representation in congress: Evidence from 80,000 congressional inquiries},
  author={Lowande, Kenneth and Ritchie, Melinda and Lauterbach, Erinn},
  journal={American Journal of Political Science},
  volume={63},
  number={3},
  pages={644--659},
  year={2019},
  publisher={Wiley Online Library}
}

@book{lazarus2018gendered,
  title={Gendered vulnerability: How women work harder to stay in office},
  author={Lazarus, Jeffrey and Steigerwalt, Amy},
  year={2018},
  publisher={University of Michigan Press}
}

@book{barnes2016gendering,
  title={Gendering legislative behavior},
  author={Barnes, Tiffany},
  year={2016},
  publisher={Cambridge University Press}
}

@book{dittmar2018seat,
  title={A Seat at the Table: Congresswomen's Perspectives on Why Their Presence Matters},
  author={Dittmar, Kelly and Sanbonmatsu, Kira and Carroll, Susan J},
  year={2018},
  publisher={Oxford University Press}
}

@article{childs2006complicated,
  title={The complicated relationship between sex, gender and the substantive representation of women},
  author={Childs, Sarah},
  journal={European Journal of Women's Studies},
  volume={13},
  number={1},
  pages={7--21},
  year={2006},
  publisher={Sage Publications Sage CA: Thousand Oaks, CA}
}

@article{snyder2000estimating,
  title={Estimating party influence in congressional roll-call voting},
  author={Snyder Jr, James M and Groseclose, Tim},
  journal={American Journal of Political Science},
  pages={193--211},
  year={2000},
  publisher={JSTOR}
}

@article{lawless2018nice,
  title={Nice girls? Sex, collegiality, and bipartisan cooperation in the US congress},
  author={Lawless, Jennifer L and Theriault, Sean M and Guthrie, Samantha},
  journal={The Journal of Politics},
  volume={80},
  number={4},
  pages={1268--1282},
  year={2018},
  publisher={University of Chicago Press Chicago, IL}
}

@article{anzia2011jackie,
  title={The Jackie (and Jill) Robinson effect: why do congresswomen outperform congressmen?},
  author={Anzia, Sarah F and Berry, Christopher R},
  journal={American Journal of Political Science},
  volume={55},
  number={3},
  pages={478--493},
  year={2011},
  publisher={Wiley Online Library}
}

@article{dietrich2019pitch,
  title={Pitch perfect: Vocal pitch and the emotional intensity of congressional speech},
  author={Dietrich, Bryce J and Hayes, Matthew and O’Brien, Diana Z},
  journal={American Political Science Review},
  volume={113},
  number={4},
  pages={941--962},
  year={2019},
  publisher={Cambridge University Press}
}

@article{mummolo2018modern,
  title={Modern police tactics, police-citizen interactions, and the prospects for reform},
  author={Mummolo, Jonathan},
  journal={The Journal of Politics},
  volume={80},
  number={1},
  pages={1--15},
  year={2018},
  publisher={University of Chicago Press Chicago, IL}
}

@article{christiani2020intersectional,
  title={Intersectional stereotyping in policing: an analysis of traffic stop outcomes},
  author={Christiani, Leah},
  journal={Politics, Groups, and Identities},
  pages={1--23},
  year={2020},
  publisher={Taylor \& Francis}
}

@article{fagan2015following,
  title={Following the script: Narratives of suspicion in Terry stops in street policing},
  author={Fagan, Jeffrey and Geller, Amanda},
  journal={U. Chi. L. Rev.},
  volume={82},
  pages={51},
  year={2015},
  publisher={HeinOnline}
}

@article{christiani2021better,
  title={Better for everyone: black descriptive representation and police traffic stops},
  author={Christiani, Leah and Shoub, Kelsey and Baumgartner, Frank R and Epp, Derek A and Roach, Kevin},
  journal={Politics, Groups, and Identities},
  pages={1--10},
  year={2021},
  publisher={Taylor \& Francis}
}

@article{knox2020administrative,
  title={Administrative records mask racially biased policing},
  author={Knox, Dean and Lowe, Will and Mummolo, Jonathan},
  journal={American Political Science Review},
  volume={114},
  number={3},
  pages={619--637},
  year={2020},
  publisher={Cambridge University Press}
}

@article{shoub2020race,
  title={Race, Place, and Context: The Persistence of Race Effects in Traffic Stop Outcomes in the Face of Situational, Demographic, and Political Controls},
  author={Shoub, Kelsey and Epp, Derek A and Baumgartner, Frank R and Christiani, Leah and Roach, Kevin},
  journal={Journal of Race, Ethnicity and Politics},
  volume={5},
  number={3},
  pages={481--508},
  year={2020},
  publisher={Cambridge University Press}
}

@article{shoubNDpolicing,
  title={Differences in Men's and Women's Policing Behavior: Evidence from Traffic Stops},
  author={Shoub, Kelsey and Katelyn E. Stauffer, and Miyeon Song},
  journal={American Journal of Political Science},
  year={2021}
}

@article{song2018gender,
  title={Gender representation and student performance: Representative bureaucracy goes to Korea},
  author={Song, Miyeon},
  journal={The American Review of Public Administration},
  volume={48},
  number={4},
  pages={346--358},
  year={2018},
  publisher={SAGE Publications Sage CA: Los Angeles, CA}
}

@article{headley2021bureaucracy,
  title={Bureaucracy, Democracy, and Race: The Limits of Symbolic Representation},
  author={Headley, Andrea M and Wright, James E and Meier, Kenneth J},
  journal={Public Administration Review},
  year={2021},
  publisher={Wiley Online Library}
}

@article{andrews2014representative,
  title={Representative bureaucracy and fire service performance},
  author={Andrews, Rhys and Ashworth, Rachel and Meier, Kenneth J},
  journal={International Public Management Journal},
  volume={17},
  number={1},
  pages={1--24},
  year={2014},
  publisher={Taylor \& Francis}
}

@article{pitts2005diversity,
  title={Diversity, representation, and performance: Evidence about race and ethnicity in public organizations},
  author={Pitts, David W},
  journal={Journal of Public Administration Research and Theory},
  volume={15},
  number={4},
  pages={615--631},
  year={2005},
  publisher={Oxford University Press}
}

@article{pitts2009diversity,
  title={Diversity management, job satisfaction, and performance: Evidence from US federal agencies},
  author={Pitts, David},
  journal={Public Administration Review},
  volume={69},
  number={2},
  pages={328--338},
  year={2009},
  publisher={Wiley Online Library}
}


@article{meier1999representative,
  title={Representative bureaucracy and distributional equity: Addressing the hard question},
  author={Meier, Kenneth J and Wrinkle, Robert D and Polinard, Jerry L},
  journal={The Journal of Politics},
  volume={61},
  number={4},
  pages={1025--1039},
  year={1999},
  publisher={University of Texas Press}
}


@article{andersen2017passive,
  title={From passive to active representation—Experimental evidence on the role of normative values in shaping white and minority bureaucrats’ policy attitudes},
  author={Andersen, Simon Calmar},
  journal={Journal of Public Administration Research and Theory},
  volume={27},
  number={3},
  pages={400--414},
  year={2017},
  publisher={Oxford University Press}
}

@article{yun2020politics,
  title={Politics of active representation: The trade-off between organizational role and active representation},
  author={Yun, Changgeun},
  journal={Review of Public Personnel Administration},
  volume={40},
  number={1},
  pages={132--154},
  year={2020},
  publisher={SAGE Publications Sage CA: Los Angeles, CA}
}

@article{krislov1974representative,
  title={Representative bureaucracy},
  author={Krislov, Samuel},
  journal={New Jersey: Englewood Cliffs},
  year={1974}
}

@book{pitkin1967concept,
  title={The concept of representation},
  author={Pitkin, Hanna F},
  volume={75},
  year={1967},
  publisher={Univ of California Press}
}

@article{andrews2013representative,
  title={Representative bureaucracy, gender, and policing: The case of domestic violence arrests in England},
  author={Andrews, Rhys and Johnston Miller, Karen},
  journal={Public Administration},
  volume={91},
  number={4},
  pages={998--1014},
  year={2013},
  publisher={Wiley Online Library}
}


@article{hong2017does,
  title={Does increasing ethnic representativeness reduce police misconduct?},
  author={Hong, Sounman},
  journal={Public Administration Review},
  volume={77},
  number={2},
  pages={195--205},
  year={2017},
  publisher={Wiley Online Library}
}

@article{hong2016representative,
  title={Representative bureaucracy, organizational integrity, and citizen coproduction: Does an increase in police ethnic representativeness reduce crime?},
  author={Hong, Sounman},
  journal={Journal of Policy Analysis and Management},
  volume={35},
  number={1},
  pages={11--33},
  year={2016},
  publisher={Wiley Online Library}
}

@book{maynard2003cops,
  title={Cops, teachers, counselors: Stories from the front lines of public service},
  author={Maynard-Moody, Steven Williams and Musheno, Michael and Musheno, Michael Craig},
  year={2003},
  publisher={University of Michigan Press}
}

@article{weber1958three,
  title={The three types of legitimate rule},
  author={Weber, Max},
  journal={Berkeley Publications in Society and Institutions},
  volume={4},
  number={1},
  pages={1--11},
  year={1958}
}

@book{selden1997promise,
  title={The promise of representative bureaucracy: Diversity and responsiveness in a government agency},
  author={Selden, Sally Coleman},
  year={1997},
  publisher={ME Sharpe}
}

@article{nicholson2017will,
  title={Will more black cops matter? Officer race and police-involved homicides of black citizens},
  author={Nicholson-Crotty, Sean and Nicholson-Crotty, Jill and Fernandez, Sergio},
  journal={Public Administration Review},
  volume={77},
  number={2},
  pages={206--216},
  year={2017},
  publisher={Wiley Online Library}
}

@article{meier1993representative,
  title={Representative bureaucracy: A theoretical and empirical exposition},
  author={Meier, Kenneth J},
  journal={Research in public administration},
  volume={2},
  number={1},
  pages={1--35},
  year={1993}
}

@book{mosher1982democracy,
  title={Democracy and the public service},
  author={Mosher, Frederick C},
  volume={2},
  year={1982},
  publisher={Oxford University Press New York}
}

@article{nicholson2011bureaucratic,
  title={Bureaucratic representation, distributional equity, and democratic values in the administration of public programs},
  author={Nicholson-Crotty, Jill and Grissom, Jason A and Nicholson-Crotty, Sean},
  journal={The Journal of Politics},
  volume={73},
  number={2},
  pages={582--596},
  year={2011},
  publisher={Cambridge University Press New York, USA}
}

@article{grissom2009race,
  title={Race, region, and representative bureaucracy},
  author={Grissom, Jason A and Nicholson-Crotty, Jill and Nicholson-Crotty, Sean},
  journal={Public Administration Review},
  volume={69},
  number={5},
  pages={911--919},
  year={2009},
  publisher={Wiley Online Library}
}

@book{meier1989race,
  title={Race, class, and education: The politics of second-generation discrimination},
  author={Meier, Kenneth J and Stewart, Joseph and England, Robert E},
  year={1989},
  publisher={Univ of Wisconsin Press}
}

@article{zhu2013too,
  title={“Too much too young”: race, descriptive representation, and heterogeneous policy responses in the case of teenage childbearing},
  author={Zhu, Ling and Walker, Meredith BL},
  journal={Politics, Groups, and Identities},
  volume={1},
  number={4},
  pages={528--546},
  year={2013},
  publisher={Taylor \& Francis}
}

@article{bradbury2011representative,
  title={Representative bureaucracy: Assessing the evidence on active representation},
  author={Bradbury, Mark and Kellough, J Edward},
  journal={The American Review of Public Administration},
  volume={41},
  number={2},
  pages={157--167},
  year={2011},
  publisher={SAGE Publications Sage CA: Los Angeles, CA}
}

@article{jankowski2020representative,
  title={Representative bureaucracy and public hiring preferences: Evidence from a conjoint experiment among German municipal civil servants and private sector employees},
  author={Jankowski, Michael and Prokop, Christine and Tepe, Markus},
  journal={Journal of Public Administration Research and Theory},
  year={2020}
}

@misc{meier1993politics,
  title={Politics and the Bureaucracy: Policymaking in the Fourth Branch of Government . Pacific Grove, CA: Brooks},
  author={Meier, Kenneth J},
  year={1993},
  publisher={Cole Publishing Company}
}

@article{lawless2004politics,
  title={Politics of presence? Congresswomen and symbolic representation},
  author={Lawless, Jennifer L},
  journal={Political research quarterly},
  volume={57},
  number={1},
  pages={81--99},
  year={2004},
  publisher={Sage Publications Sage CA: Thousand Oaks, CA}
}


@article{schwindt2005integrated,
  title={An integrated model of women's representation},
  author={Schwindt-Bayer, Leslie A and Mishler, William},
  journal={The Journal of politics},
  volume={67},
  number={2},
  pages={407--428},
  year={2005},
  publisher={Cambridge University Press New York, USA}
}

@article{baumgartner2020intersectional,
  title={Intersectional Encounters, Representative Bureaucracy, and the Routine Traffic Stop},
  author={Baumgartner, Frank R and Bell, Kate and Beyer, Luke and Boldrin, Tara and Doyle, Libby and Govan, Lindsey and Halpert, Jack and Hicks, Jackson and Kyriakoudes, Katherine and Lee, Cat and others},
  journal={Policy Studies Journal},
  year={2020},
  publisher={Wiley Online Library}
}

@article{wolak2020descriptive,
  title={Descriptive representation and the political engagement of women},
  author={Wolak, Jennifer},
  journal={Politics \& Gender},
  volume={16},
  number={2},
  pages={339--362},
  year={2020},
  publisher={Cambridge University Press}
}

@article{hainmueller2015hidden,
  title={The hidden American immigration consensus: A conjoint analysis of attitudes toward immigrants},
  author={Hainmueller, Jens and Hopkins, Daniel J},
  journal={American Journal of Political Science},
  volume={59},
  number={3},
  pages={529--548},
  year={2015},
  publisher={Wiley Online Library}
}

@article{hainmueller2014causal,
  title={Causal inference in conjoint analysis: Understanding multidimensional choices via stated preference experiments},
  author={Hainmueller, Jens and Hopkins, Daniel J and Yamamoto, Teppei},
  journal={Political analysis},
  volume={22},
  number={1},
  pages={1--30},
  year={2014},
  publisher={Cambridge University Press}
}


@incollection{kinney2015victims,
  title={Victims, villains, and valiant rescuers: Unpacking sociolegal constructions of human trafficking and crimmigration in popular culture},
  author={Kinney, Edith},
  booktitle={The illegal business of human trafficking},
  pages={87--108},
  year={2015},
  publisher={Springer}
}

@article{miller2019female,
  title={Do female officers improve law enforcement quality? Effects on crime reporting and domestic violence},
  author={Miller, Amalia R and Segal, Carmit},
  journal={The Review of Economic Studies},
  volume={86},
  number={5},
  pages={2220--2247},
  year={2019},
  publisher={Oxford University Press}
}

@article{rich2014birds,
  title={Birds of a feather or fish out of water? Policewomen taking rape reports},
  author={Rich, Karen and Seffrin, Patrick},
  journal={Feminist Criminology},
  volume={9},
  number={2},
  pages={137--159},
  year={2014},
  publisher={Sage Publications Sage CA: Los Angeles, CA}
}

@article{davies2003effects,
  title={Effects of gender and sexuality on judgements of victim blame and rape myth acceptance in a depicted male rape},
  author={Davies, Michelle and McCartney, Samantha},
  journal={Journal of Community \& Applied Social Psychology},
  volume={13},
  number={5},
  pages={391--398},
  year={2003},
  publisher={Wiley Online Library}
}

@article{murphy2019investigating,
  title={Investigating the demographic and attitudinal predictors of rape myth acceptance in UK Police officers: developing an evidence-base for training and professional development},
  author={Murphy, Anthony and Hine, Benjamin},
  journal={Psychology, Crime \& Law},
  volume={25},
  number={1},
  pages={69--89},
  year={2019},
  publisher={Taylor \& Francis}
}

@article{rich2012police,
  title={Police interviews of sexual assault reporters: Do attitudes matter?},
  author={Rich, Karen and Seffrin, Patrick},
  journal={Violence and Victims},
  volume={27},
  number={2},
  pages={263--279},
  year={2012},
  publisher={Springer}
}

@article{jordan2002will,
  title={Will any woman do?},
  author={Jordan, Jan},
  journal={Policing: An International Journal of Police Strategies \& Management},
  year={2002},
  publisher={MCB UP Ltd}
}

@article{jamel2010researching,
  title={Researching the Provision of Service to Rape Victims by Specially Trained Police Officers: The Influence of Gender----An Exploratory Study},
  author={Jamel, Joanna},
  journal={New Criminal Law Review},
  volume={13},
  number={4},
  pages={688--709},
  year={2010},
  publisher={University of California Press USA}
}

@article{htun2012civic,
  title={The civic origins of progressive policy change: Combating violence against women in global perspective, 1975--2005},
  author={Htun, Mala and Weldon, S Laurel},
  journal={American Political Science Review},
  pages={548--569},
  year={2012},
  publisher={JSTOR}
}

@article{coppock2019validating,
  title={Validating the demographic, political, psychological, and experimental results obtained from a new source of online survey respondents},
  author={Coppock, Alexander and McClellan, Oliver A},
  journal={Research \& Politics},
  volume={6},
  number={1},
  pages={2053168018822174},
  year={2019},
  publisher={SAGE Publications Sage UK: London, England}
}

@article{aronow2020evidence,
  title={Evidence of Rising Rates of Inattentiveness on Lucid in 2020},
  author={Aronow, Peter Michael and Kalla, Joshua and Orr, Lilla and Ternovski, John},
  year={2020},
  publisher={SocArXiv}
}


@article{schuck2018women,
  title={Women in policing and the response to rape: Representative bureaucracy and organizational change},
  author={Schuck, Amie M},
  journal={Feminist Criminology},
  volume={13},
  number={3},
  pages={237--259},
  year={2018},
  publisher={SAGE Publications Sage CA: Los Angeles, CA}
}

@article{walfield2016cleared,
  title={When a cleared rape is not cleared: A multilevel study of arrest and exceptional clearance},
  author={Walfield, Scott M},
  journal={Journal of Interpersonal Violence},
  volume={31},
  number={9},
  pages={1767--1792},
  year={2016},
  publisher={SAGE Publications Sage CA: Los Angeles, CA}
}

@article{schuck2021women,
  title={Women in policing and legitimacy: A vignette-based study of symbolic representation},
  author={Schuck, Amie M and Baldo, Paola and Powell, Christopher},
  journal={Women \& Criminal Justice},
  pages={1--18},
  year={2021},
  publisher={Taylor \& Francis}
}

@book{swers:2013,
  title={Women in the Club},
  author={Swers, Michele L},
  year={2013},
  publisher={University of chicago Press}
}

@article{pearson2011speaking,
  title={Speaking for the underrepresented in the house of representatives: Voicing women's interests in a partisan era},
  author={Pearson, Kathryn and Dancey, Logan},
  journal={Politics \& Gender},
  volume={7},
  number={4},
  pages={493--519},
  year={2011},
  publisher={Cambridge University Press}
}

@article{pearson2011elevating,
  title={Elevating women’s voices in congress: Speech participation in the house of representatives},
  author={Pearson, Kathryn and Dancey, Logan},
  journal={Political Research Quarterly},
  volume={64},
  number={4},
  pages={910--923},
  year={2011},
  publisher={Sage Publications Sage CA: Los Angeles, CA}
}

@article{snyder:2000,
  title={Estimating party influence in congressional roll-call voting},
  author={Snyder Jr, James M and Groseclose, Tim},
  journal={American Journal of Political Science},
  pages={193--211},
  year={2000},
  publisher={JSTOR}
}

@book{reingold2020race,
  title={Race, Gender, and Political Representation: Toward a More Intersectional Approach},
  author={Reingold, Beth and Haynie, Kerry L and Widner, Kirsten},
  year={2020},
  publisher={Oxford University Press}
}

@inproceedings{olsen:2013,
  title={Foreign Aid Voting in Congress: Does Gender Matter},
  author={Olsen-Telles, Erin},
  booktitle={Annual Conference of the Midwest Political Science Association, Chicago, IL (April 11-14)},
  year={2013}
}

@article{stauffer:working,
  title={The Missing Fingerprints: US Women Legislators and International Development Aid},
  author={Stauffer, Katelyn E and Kobayashi, Yoshiharu and Martin-Morales, Kelsey M and Lankes, Riley and Heinrich, Tobias and Goodwin, Catherine R},
  year={2021}
}

@article{vega:1995,
  title={The effects of gender on congressional behavior and the substantive representation of women},
  author={Vega, Arturo and Firestone, Juanita M},
  journal={Legislative Studies Quarterly},
  pages={213--222},
  year={1995},
  publisher={JSTOR}
}

@article{paoline2004women,
  title={Women police officers and the use of coercion},
  author={Paoline, Eugene A and Terrill, William},
  journal={Women \& Criminal Justice},
  volume={15},
  number={3-4},
  pages={97--119},
  year={2004},
  publisher={Taylor \& Francis}
}
@article{schuck2016citizen,
  title={Citizen complaints and gender diversity in police organisations},
  author={Schuck, Amie M and Rabe-Hemp, Cara},
  journal={Policing and Society},
  volume={26},
  number={8},
  pages={859--874},
  year={2016},
  publisher={Taylor \& Francis}
}

@article{schuck2014gender,
  title={Gender differences in policing: Testing hypotheses from the performance and disruption perspectives},
  author={Schuck, Amie M},
  journal={Feminist Criminology},
  volume={9},
  number={2},
  pages={160--185},
  year={2014},
  publisher={Sage Publications Sage CA: Los Angeles, CA}
}

@article{rabe2008survival,
  title={Survival in an “all boys club”: Policewomen and their fight for acceptance},
  author={Rabe-Hemp, Cara},
  journal={Policing: An International Journal of Police Strategies \& Management},
  year={2008},
  publisher={Emerald Group Publishing Limited}
}

@article{haarr1997patterns,
  title={Patterns of interaction in a police patrol bureau: Race and gender barriers to integration},
  author={Haarr, Robin N},
  journal={Justice quarterly},
  volume={14},
  number={1},
  pages={53--85},
  year={1997},
  publisher={Taylor \& Francis}
}

@article{meier2019theoretical,
  title={Theoretical frontiers in representative bureaucracy: New directions for research},
  author={Meier, Kenneth J},
  journal={Perspectives on Public Management and Governance},
  volume={2},
  number={1},
  pages={39--56},
  year={2019},
  publisher={Oxford University Press US}
}

@article{morabito2017active,
  title={Active representation and police response to sexual assault complaints},
  author={Morabito, Melissa Schaefer and Pattavina, April and Williams, Linda M},
  journal={Journal of crime and justice},
  volume={40},
  number={1},
  pages={20--33},
  year={2017},
  publisher={Taylor \& Francis}
}

@article{page2007behind,
  title={Behind the blue line: Investigating police officers’ attitudes toward rape},
  author={Page, Amy Dellinger},
  journal={Journal of Police and Criminal Psychology},
  volume={22},
  number={1},
  pages={22--32},
  year={2007},
  publisher={Springer}
}

@article{wentz2012police,
  title={Police perceptions of sexual assault victims: Exploring the intra-female gender hostility thesis},
  author={Wentz, Ericka and Archbold, Carol A},
  journal={Police Quarterly},
  volume={15},
  number={1},
  pages={25--44},
  year={2012},
  publisher={Sage Publications Sage CA: Los Angeles, CA}
}

@article{homant1985police,
  title={Police perceptions of spouse abuse: A comparison of male and female officers},
  author={Homant, Robert J and Kennedy, Daniel B},
  journal={Journal of Criminal Justice},
  volume={13},
  number={1},
  pages={29--47},
  year={1985},
  publisher={Elsevier}
}

@article{sowa2003administrative,
  title={Administrative discretion and active representation: An expansion of the theory of representative bureaucracy},
  author={Sowa, Jessica E and Selden, Sally Coleman},
  journal={Public Administration Review},
  volume={63},
  number={6},
  pages={700--710},
  year={2003},
  publisher={Wiley Online Library}
}

@incollection{meier2015representative,
  title={Representative bureaucracy in a cross-national context: Politics, identity, structure and discretion},
  author={Meier, Kenneth J and Morton, Tabitha SM},
  booktitle={Politics of representative bureaucracy},
  year={2015},
  publisher={Edward Elgar Publishing}
}

@article{andrews2013representative,
  title={Representative bureaucracy, gender, and policing: The case of domestic violence arrests in England},
  author={Andrews, Rhys and Johnston Miller, Karen},
  journal={Public Administration},
  volume={91},
  number={4},
  pages={998--1014},
  year={2013},
  publisher={Wiley Online Library}
}

@article{meier2001structure,
  title={Structure and discretion: Missing links in representative bureaucracy},
  author={Meier, Kenneth J and Bohte, John},
  journal={Journal of Public Administration Research and Theory},
  volume={11},
  number={4},
  pages={455--470},
  year={2001},
  publisher={Oxford University Press}
}

@article{scott1997assessing,
  title={Assessing determinants of bureaucratic discretion: An experiment in street-level decision making},
  author={Scott, Patrick G},
  journal={Journal of Public Administration Research and Theory},
  volume={7},
  number={1},
  pages={35--58},
  year={1997},
  publisher={Oxford University Press}
}

@article{gilad2021representative,
  title={Representative bureaucracy and impartial policing},
  author={Gilad, Sharon and Dahan, Momi},
  journal={Public Administration},
  volume={99},
  number={1},
  pages={137--155},
  year={2021},
  publisher={Wiley Online Library}
}

@article{headley2020representation,
  title={Is representation enough? Racial disparities in levels of force and arrests by police},
  author={Headley, Andrea M and Wright, James E},
  journal={Public Administration Review},
  volume={80},
  number={6},
  pages={1051--1062},
  year={2020},
  publisher={Wiley Online Library}
}

@article{morabito2017active,
  title={Active representation and police response to sexual assault complaints},
  author={Morabito, Melissa Schaefer and Pattavina, April and Williams, Linda M},
  journal={Journal of crime and justice},
  volume={40},
  number={1},
  pages={20--33},
  year={2017},
  publisher={Taylor \& Francis}
}

@article{appe2021expanding,
  title={Expanding the Reach of Representativeness, Discretion, and Collaboration: The Unrealized Potential of Public Administration Research in Atrocity Prevention},
  author={Appe, Susan and Rubaii, Nadia and Whigham, Kerry},
  journal={Public Administration Review},
  volume={81},
  number={1},
  pages={81--90},
  year={2021},
  publisher={Wiley Online Library}
}

@article{marvel2015bureaucratic,
  title={Bureaucratic discretion, client demographics, and representative bureaucracy},
  author={Marvel, John D and Resh, William G},
  journal={The American Review of Public Administration},
  volume={45},
  number={3},
  pages={281--310},
  year={2015},
  publisher={Sage Publications Sage CA: Los Angeles, CA}
}

@article{roman2015roles,
  title={The roles assumed by public administrators: The link between administrative discretion and representation},
  author={Roman, Alexandru},
  journal={Public Administration Quarterly},
  pages={595--644},
  year={2015},
  publisher={JSTOR}
}

@article{capers2018effect,
  title={The effect of the external environment on bureaucratic representation: Assessing the passive to active representation link},
  author={Capers, K Jur{\'e}e},
  journal={The American review of public administration},
  volume={48},
  number={4},
  pages={301--317},
  year={2018},
  publisher={SAGE Publications Sage CA: Los Angeles, CA}
}

@article{shoub2021female,
  title={Do Female Officers Police Differently? Evidence from Traffic Stops},
  author={Shoub, Kelsey and Stauffer, Katelyn E and Song, Miyeon},
  journal={American Journal of Political Science},
  year={2021},
  publisher={Wiley Online Library}
}

@article{meier2000ode,
  title={Ode to Luther Gulick: Span of control and organizational performance},
  author={Meier, Kenneth J and Bohte, John},
  journal={Administration \& Society},
  volume={32},
  number={2},
  pages={115--137},
  year={2000},
  publisher={Sage Publications Sage CA: Thousand Oaks, CA}
}

@book{wilson1989bureaucracy,
  title={Bureaucracy: What government agencies do and why they do it},
  author={Wilson, James Q},
  year={1989},
  publisher={Basic Books}
}

@article{hindera1993representative,
  title={Representative bureaucracy: Imprimis evidence of active representation in the EEOC district offices.},
  author={Hindera, John J},
  journal={Social Science Quarterly},
  year={1993},
  publisher={Blackwell Publishing}
}

@article{meier2005race,
  title={Race, sex, and Clarence Thomas: Representation change in the EEOC},
  author={Meier, Kenneth J and Pennington, Michael S and Eller, Warren S},
  journal={Public administration review},
  volume={65},
  number={2},
  pages={171--179},
  year={2005},
  publisher={Wiley Online Library}
}

@article{schuck2014gender,
  title={Gender differences in policing: Testing hypotheses from the performance and disruption perspectives},
  author={Schuck, Amie M},
  journal={Feminist Criminology},
  volume={9},
  number={2},
  pages={160--185},
  year={2014},
  publisher={Sage Publications Sage CA: Los Angeles, CA}
}


@article{baker2021gender,
  title={Gender and Prosecutorial Discretion: An Empirical Assessment},
  author={Baker, Daniel Brice and Hassan, Shahidul},
  journal={Journal of Public Administration Research and Theory},
  volume={31},
  number={1},
  pages={73--90},
  year={2021},
  publisher={Oxford University Press US}
}

@article{nielsen2015personal,
  title={Personal attributes and institutions: Gender and the behavior of public employees. Why gender matters to not only “Gendered Policy Areas”},
  author={Nielsen, Vibeke Lehmann},
  journal={Journal of Public Administration Research and Theory},
  volume={25},
  number={4},
  pages={1005--1029},
  year={2015},
  publisher={Oxford University Press US}
}

@incollection{kanter1977some,
  title={Some effects of proportions on group life},
  author={Kanter, Rosabeth Moss},
  booktitle={The gender gap in psychotherapy},
  pages={53--78},
  year={1977},
  publisher={Springer}
}

@article{hatmaker2013engineering,
  title={Engineering identity: Gender and professional identity negotiation among women engineers},
  author={Hatmaker, Deneen M},
  journal={Gender, Work \& Organization},
  volume={20},
  number={4},
  pages={382--396},
  year={2013},
  publisher={Wiley Online Library}
}

@book{kaufman1977red,
  title={Red tape: Its origins, uses, and abuses},
  author={Kaufman, Herbert},
  year={1977},
  publisher={Brookings Institution Press}
}

@article{kelly1994theories,
  title={Theories of justice and street-level discretion},
  author={Kelly, Marisa},
  journal={Journal of Public Administration Research and Theory},
  volume={4},
  number={2},
  pages={119--140},
  year={1994},
  publisher={Oxford University Press}
}

@article{miller1967professionals,
  title={Professionals in bureaucracy: Alienation among industrial scientists and engineers},
  author={Miller, George A},
  journal={American Sociological Review},
  pages={755--768},
  year={1967},
  publisher={JSTOR}
}

@article{aiken1966organizational,
  title={Organizational alienation: A comparative analysis},
  author={Aiken, Michael and Hage, Jerald},
  journal={American sociological review},
  pages={497--507},
  year={1966},
  publisher={JSTOR}
}

@article{blau1956bureaucracy,
  title={Bureaucracy in modern society.},
  author={Blau, Peter M},
  year={1956},
  publisher={Crown Publishing Group/Random House}
}

@article{farrell2015explaining,
  title={Explaining leniency: Organizational predictors of the differential treatment of men and women in traffic stops},
  author={Farrell, Amy},
  journal={Crime \& Delinquency},
  volume={61},
  number={4},
  pages={509--537},
  year={2015},
  publisher={SAGE Publications Sage CA: Los Angeles, CA}
}

@article{selden1998bureaucracy,
  title={Bureaucracy as a representative institution: Toward a reconciliation of bureaucratic government and democratic theory},
  author={Selden, Sally Coleman and Brudney, Jeffrey L and Kellough, J Edward},
  journal={Representative bureaucracy: Classic readings and continued controversies},
  pages={134--154},
  year={1998},
  publisher={ME Sharpe Armonk, NY}
}

@article{meier1992impact,
  title={The impact of representative bureaucracies: Educational systems and public policies},
  author={Meier, Kenneth J and Stewart Jr, Joseph},
  journal={The American Review of Public Administration},
  volume={22},
  number={3},
  pages={157--171},
  year={1992},
  publisher={Sage Publications Sage CA: Thousand Oaks, CA}
}

@article{chan2010doing,
  title={Doing and undoing gender in policing},
  author={Chan, Janet and Doran, Sally and Marel, Christina},
  journal={Theoretical criminology},
  volume={14},
  number={4},
  pages={425--446},
  year={2010},
  publisher={Sage Publications Sage UK: London, England}
}

@article{kakar2002gender,
  title={Gender and police officers’ perceptions of their job performance: An analysis of the relationship between gender and perceptions of job performance},
  author={Kakar, Suman},
  journal={Criminal Justice Policy Review},
  volume={13},
  number={3},
  pages={238--256},
  year={2002},
  publisher={Sage Publications}
}

@article{lispillover,
  title={Spillover Effects of Minority Representation on Majority Bureaucrats’ Behavioral Change},
  author={Li, Danyao},
  journal={Public Administration Review},
  year={2021},
  publisher={Wiley Online Library}
}

@article{grissom2011supervisor,
  title={A supervisor like me: Race, representation, and the satisfaction and turnover decisions of public sector employees},
  author={Grissom, Jason A and Keiser, Lael R},
  journal={Journal of Policy Analysis and Management},
  volume={30},
  number={3},
  pages={557--580},
  year={2011},
  publisher={Wiley Online Library}
}

@book{kanter1977men,
  title={Men and women of the corporation: New edition},
  author={Kanter, Rosabeth Moss},
  year={1977},
  publisher={Basic books}
}

@article{atkins2014connectedness,
  title={Connectedness and expectations: How minority teachers can improve educational outcomes for minority students},
  author={Atkins, Danielle N and Fertig, Angela R and Wilkins, Vicky M},
  journal={Public Management Review},
  volume={16},
  number={4},
  pages={503--526},
  year={2014},
  publisher={Taylor \& Francis}
}

@article{fernandez2018establishing,
  title={Establishing the link between representative bureaucracy and performance: The South African case},
  author={Fernandez, Sergio and Koma, Samuel and Lee, Hongseok},
  journal={Governance},
  volume={31},
  number={3},
  pages={535--553},
  year={2018},
  publisher={Wiley Online Library}
}

@article{agyapong2018representative,
  title={Representative bureaucracy: Examining the effects of female teachers on girls’ education in Ghana},
  author={Agyapong, Elijah},
  journal={International Journal of Public Administration},
  volume={41},
  number={16},
  pages={1338--1350},
  year={2018},
  publisher={Taylor \& Francis}
}

@article{headley2020representation,
  title={Is representation enough? Racial disparities in levels of force and arrests by police},
  author={Headley, Andrea M and Wright, James E},
  journal={Public Administration Review},
  volume={80},
  number={6},
  pages={1051--1062},
  year={2020},
  publisher={Wiley Online Library}
}